<record><leader>00000cas a22000007a 4500</leader><controlfield tag="001">21545646</controlfield><controlfield tag="008">900516d19021904nyuwr ne      0    0eng d</controlfield><datafield ind1=" " ind2=" " tag="010"><subfield code="a">sn 90066081 </subfield></datafield><datafield ind1=" " ind2=" " tag="040"><subfield code="a">NYS</subfield><subfield code="b">eng</subfield><subfield code="c">NYS</subfield><subfield code="d">OCLCQ</subfield></datafield><datafield ind1=" " ind2=" " tag="042"><subfield code="a">msc</subfield></datafield><datafield ind1="0" ind2="4" tag="245"><subfield code="a">The Cohocton times-index.</subfield></datafield><datafield ind1=" " ind2=" " tag="260"><subfield code="a">Cohocton, N.Y. :</subfield><subfield code="b">Vincent L. Tripp</subfield></datafield><datafield ind1=" " ind2=" " tag="300"><subfield code="a">v.</subfield></datafield><datafield ind1=" " ind2=" " tag="310"><subfield code="a">Weekly</subfield></datafield><datafield ind1="0" ind2=" " tag="362"><subfield code="a">Vol. 9, no. 20 (Oct. 8, 1902)-v. 13, no. 13 (Aug. 17, 1904).</subfield></datafield><datafield ind1=" " ind2="4" tag="651"><subfield code="a">Cohocton (N.Y.)</subfield><subfield code="v">Newspapers.</subfield></datafield><datafield ind1=" " ind2=" " tag="752"><subfield code="a">United States</subfield><subfield code="b">New York</subfield><subfield code="c">Steuben</subfield><subfield code="c">Cohocton.</subfield></datafield><datafield ind1="0" ind2="4" tag="780"><subfield code="t">Cohocton times</subfield><subfield code="w">(DLC)sn 92061681</subfield></datafield><datafield ind1="0" ind2="4" tag="780"><subfield code="t">Cohocton index</subfield><subfield code="w">(DLC)sn 84031196</subfield></datafield><datafield ind1="0" ind2="0" tag="785"><subfield code="t">Cohocton Valley times and index</subfield><subfield code="w">(DLC)sn 87070405</subfield></datafield><datafield ind1="1" ind2=" " tag="029"><subfield code="a">AU@</subfield><subfield code="b">000025862954</subfield></datafield></record>